@misc{top500,
    author = "Jack Dongarra",
    title = "TOP500 Supercomputers, \emph{http://www.top500.org}",
    url = "www.top500.org"
}

@misc{mercury,
    author = "Mercury Computer Systems",
    title = "\emph{http://www.mc.com}",
}

@inproceedings{panasas,
    author = {David Nagle and Denis Serenyi and Abbie Matthews},
    title = {The Panasas ActiveScale Storage Cluster: Delivering Scalable High Bandwidth Storage},
    booktitle = {SC '04: Proceedings of the 2004 ACM/IEEE conference on Supercomputing},
    year = {2004},
    isbn = {0-7695-2153-3},
    pages = {53},
    doi = {http://dx.doi.org/10.1109/SC.2004.57},
    publisher = {IEEE Computer Society},
    address = {Washington, DC, USA},
}

@TechReport{LLNL_LPI_webpage,
  author = {NIC},
  title = {Laser Plasma Instabilities},
  institution =  {LLNL},
  year = 2007,
  number = {UCRL-WEB-23691},
  annote =
{https://lasers.llnl.gov/programs/science_at_the_extremes/plasma_physics/laser-plasma_instabilities.php}
}
@Article{Labaune_Nature_Physics_2007,
  author = {Christine Labaune},
  title = {Laser-driven fusion: Incoherent light on the road to ignition},
  journal = {Nature Physics},
  year = 2007,
  volume = 3,
  pages = 680
}
@Article{Glenzer_Nature_Physics_2007,
  author = {S.~H.~Glenzer and D.~H.~Froula and L.~Divol and M.~Dorr and
R.~L.~Berger and S.~Dixit and B.~A.~Hammel and C.~Haynam and J.~A.~Hittinger
and J.~P.~Holder and O.~S.~Jones and D.~H.~Kalantar and O.~L.~Landen and
A.~B.~Langdon and S.~Langer and B.~J.~MacGowan and A.~J.~Mackinnon and
N.~Meezan and E.~I.~Moses and C.~Niemann and C.~H.~Still and L.~J.~Suter and
R.~J.~Wallace and E.~A.~Williams  and  B.~K.~F.~Young},
  title = {Experiments and multiscale simulations of laser propagation
through ignition-scale plasmas},
  journal = {Nature Physics},
  year = 2007,
  volume = 3,
  pages = 716
}

@Unpublished{AAC_Conference_Paper,
  author = 	 {B.~J.~Albright and Kevin~J.~Bowers and L.~Yin and B.~Bergen and W.~Daughton and T.~J.~T.~Kwan and C.~Snell and B.~M.~Hegelich and K.~Flippo and J.~C.~Fern\'{a}ndez},
  title = 	 {High Performance Modeling of Laser-Plasma Interaction in the Era of Petascale Computing},
  note = 	 {Proceedings of the 13th Advanced Accelerator Concepts Workshop, July 27--Aug. 28, Santa Cruz, California, USA}
}

