@Book{Birdsall_Langdon_1985,
  author =       {C.~K.~Birdsall and A.~B.~Langdon},
  title =        {Plasma Physics via Computer Simulation},
  publisher =    {McGraw-Hill Inc.},
  year =         1985,
  address =      {New York, NY}
}

@Book{Hockney_Eastwood_1988,
  author =       {R.~W.~Hockney and J.~W.~Eastwood},
 editor =	 { },
  title =        {Computer Simulation Using Particles},
  publisher =    {Institute of Physics Publishing},
  year =         1988,
  address =      {Philadelphia, PA}
}

@InBook{Kwan_Snell_1985,
  author =       {T.~J.~T.~Kwan and C.~M.~Snell},
  editor =       {R.~Alcouffe and R.~Dautray and A.~Forster and G.~Ledanois and B.~Mercier},
  title =        {Lecture Notes in Physics, Vol 240: Monte Carlo Methods and Applications in Neutronics, Photonics and Statistical Physics},
  chapter =      {Methods of Monte Carlo Electron Transport in Particle-in-Cell Codes},
  publisher =    {Springer-Verlag},
  year =         {1985}
}

@Article{Verboncoeur_et_al_1995,
  author =       {J.~P.~Verboncoeur and A.~B.~Langdon and N.~T.~Gladd},
  title =        {An Object-Oriented Electromagnetic PIC Code},
  journal =      {Comp.~Phys.~Comm.},
  year =         1995,
  volume =       87,
  number =       {},
  pages =        {199-211},
  month =        {May}
}

@Article{Eastwood_et_al_1995,
  author =       {J.~W.~Eastwood and W.~Arter and N.~J.~Brealey and R.~W.~Hockney},
  title =        {Body-fitted Electromagnetic PIC Software for use on
Parallel Computers},
  journal =      {Comp.~Phys.~Comm.},
  year =         1995,
  volume =       87,
  pages =	 {155-178},
  month =        {May}
}

@Article{Jones_et_al_1996,
  author =       {M.~E.~Jones and D.~Winske and S.~R.~Goldman and R.~A.~Kopp and V.~G.~Rogatchev and S.~A.~Bel'kov and P.~D.~Gasparyan and G.~V.~Dolgoleva and N.~V.~Zhidkov and N.~V.~Ivanov and Y.~K.~Kochubej and G.~F.~Nasyrov and V.~A.~Pavlovskii and V.~V.~Smirnov and Y.~A.~Romanov},
  title =        {Modeling ion interpenetration, stagnation, and thermalization in colliding plasmas},
  journal =      {Phys.~Plasmas},
  year =         {1996},
  volume =       {3},
  number =       {3},
  pages =        {1096-1108},
  month =        {March}
}

@Article{Blahovec_et_al_2000,
  author =       {J.~D.~Blahovec and L.~A.~Bowers and J.~W.~Luginsland and G.~E.~Sasser and J.~J.~Watrous},
  title =        {3-D ICEPIC Simulations of the Relativistic
Klystron Oscillator},
  journal =      {IEEE Trans.~Plasma Sci.},
  year =         2000,
  volume =       28,
  number =       3,
  pages =        {821-829},
  month =        {June}
}

@Article{Nieter_Cary_2004,
  author =       {C.~Nieter and J.~R.~Cary},
  title =        {VORPAL: a versatile plasma simulation code},
  journal =      {J.~Comp.~Phys.},
  year =         {2004},
  volume =       {196},
  number =       {2},
  pages =        {448-473}
  month =        {May}
}

@InCollection{McLachlan_Quispel_2002,
  author =       {R.~I.~McLachlan and G.~R.~W.~Quispel},
  title =        {Splitting Methods},
  booktitle =    {Acta Numerica},
  pages =        {341-434},
  publisher =    {Cambridge University Press},
  year =         2002,
  volume =       11
}

@Article{Higdon_1986,
  author =       {R.~L.~Higdon},
  title =        {Absorbing boundary conditions for difference approximations to the multi-dimensional wave equation},
  journal =      {Mathematics of Computation},
  year =         1986,
  volume =       47,
  pages =        {437-459}
}

@InProceedings{Boris_1970,
  author =       {J.~P.~Boris},
  title =	 {Relativistic Plasma Simulation---Optimization of a Hybrid Code},
  booktitle =    {Proc.~4th Conf.~on Num.~Sim.~of Plasmas},
  pages =        3,
  year =         1970,
  editor =	 {J.~P.~Boris and R.~A.~Shanny},
  address =      {Washington D.~C.},
  publisher =    {Naval Research Laboratory}
}

@Article{Villasenor_Buneman_1992,
  author =       {J.~Villasenor and O.~Buneman},
  title =        {Rigorous charge conservation for local electromagnetic field solvers},
  journal =      {Comp.~Phys.~Comm.},
  year =         1992,
  volume =       69,
  number =       {2-3},
  pages =        {306-316},
  month =        {March}
}

@Article{Marder_1987,
  author =       {B.~Marder},
  title =        {A method for incorporating Gauss' law into electromagnetic PIC codes},
  journal =      {J.~Comp.~Phys.},
  year =         1987,
  volume =       68,
  pages =        {48-55}
}

@Article{Yee_1966,
  author = 	 {K.~S.~Yee},
  title = 	 { },
  journal = 	 {IEEE Trans. Antennas Propag.},
  year = 	 1966,
  volume =	 14,
  pages =	 302
}

@InProceedings{Bowers_et_al_2006,
  author =       {K.~J.~Bowers and E.~Chow and H.~Xu and R.~O.~Dror and M.~P.~Eastwood and B.~A.~Gregersen and J.~L.~Klepeis and I.~Kolossvary and M.~A.~Moraes and F.~D.~Sacerdoti and J.~K.~Salmon and Y.~Shan and D.~E.~Shaw},
  title =        {Scalable Algorithms for Molecular Dynamics Simulations on Commodity Clusters},
  booktitle =    {Proc.~2006 ACM/IEEE Conf.~on Supercomputing},
  year =         2006,
  address =      {Tampa, FL},
  month =        {November}
}

@Article{Lippert_et_al_2007,
  author =       {R.~A.~Lippert and K.~J.~Bowers and B.~A.~Gregersen and R.~O.~Dror and M.~P.~Eastwood and J.~L.~Klepeis and I.~Kolossvary and D.~E.~Shaw},
  title =        {A common, avoidable source of error in molecular dynamics integrators},
  journal =      {J.~Chem.~Phys.},
  year =         2007,
  volume =       126,
  Tnumber =      4,
  pages =        046101,
  month =        {January}
}

@TechReport{Langou_et_al_2006,
  author =       {J.~Langou and J.~Langou and P.~Luszczek and J.~Kurzak and A.~Buttari and J.~Dongarra},
  title =        {Exploiting the Performance of 32 bit Floating Point Arithmetic in Obtaining 64 bit Accuracy},
  institution =  {University of Tennessee},
  year =         2006,
  type =         {University of Tennessee Computer Science Tech Report},
  number =       {UT-CS-06-574 LAPACK Working Note 175},
  month =        {April}
}

@Article{Bowers_2001,
  author =       {K.~J.~Bowers},
  title =        {Accelerating a Particle-In-Cell Simulation with a Hybrid Counting Sort},
  journal =      {J.~Comp.~Phys.},
  year =         2001,
  volume =       173,
  number =       2,
  pages =        {393-411},
  month =        {November}
}

@Article{Kahle_et_al_2005,
  author =       {J.~A.~Kahle and M.~N.~Day and H.~P.~Hofstee and C.~R.~Johns and T.~R.~Maeurer and D.~Shippy},
  title =        {Introduction to the Cell multiprocessor},
  journal =      {IBM J.~Res.~Dev.},
  year =         {2005},
  volume =       {49},
  number =       {4/5}
}

@TechReport{Koch_2006,
  author =       {K.~Koch},
  title =        {The New Roadrunner Supercomputer: What, When, & How},
  institution =  {Los Alamos National Lab},
  year =         {2006}
  number =       {LA-UR-06-8276}
  month =        {November}
}

@Article{Yin_et_al_PRL_2007_reconnection,
  author =       {L. Yin and W. Daughton and H. Karimabadi and B. J. Albright and K. J. Bowers and J. Margulies},
  title =        {Fully Kinetic 3D Simulations of Collisionless Reconnection in Large-Scale Pair Plasmas},
  journal =      {Phys.~Rev.~Lett., submitted},
  year =         2007,
  volume =       ,
  number =       
}

@Article{Bowers_Li_PRL_2007,
  author =       {K.~J.~Bowers and H.~Li},
  title =        {Spectral energy transfer and dissipation of magnetic energy from fluid to kinetic scales},
  journal =      {Phys.~Rev.~Lett.},
  year =         2007,
  volume =       98,
  number =       035002,
  month =        {19 January}
}

@Article{Yin_et_al_Phys_Plasmas_2007_SRS,
  author =       {L.~Yin and B.~J.~Albright and K.~J.~Bowers and W.~Daughton and H.~A.~Rose},
  title =        {Saturation of backward stimulated scattering of laser in kinetic regime: Wavefront bowing, trapped particle modulational instability and trapped particle self-focusing of plasma waves},
  journal =      {Phys.~Plasmas, in press},
  year =         2007,
  volume =       ,
  number =       ,
}

@Article{Yin_et_al_Phys_Plasmas_2007_BOA,
  author =       {L.~Yin and B.~J.~Albright and B.~M.~Hegelich and K.~J.~Bowers and K.~A.~Flippo and T.~J.~T.~Kwan and J.~C.~Fern\'{a}ndez},
  title =        {Monoenergetic and GeV ion acceleration from the laser break-out afterburner using ultrathin targets},
  journal =      {Phys.~Plasmas},
  year =         2007,
  volume =       14,
  number =       5,
  month =        {10 April}
}

@Article{Albright_et_al_Phys_Plasmas_2007,
  author =       {B.~J.~Albright and L.~Yin and K.~J.~Bowers and B.~M.~Hegelich and K.~A.~Flippo and T.~J.~T.~Kwan and J.~C.~Fern\'{a}ndez},
  title =        {Relativistic Buneman Instability in the Laser Breakout Afterburner},
  journal =      {Phys.~Plasmas},
  year =         2007,
  volume =       14,
  number =       9
}
