% This is a collection of either publications
% - Relevant to VPIC
% - About VPIC
% - Used VPIC

@Book{Birdsall_Langdon_1985,
  author =       {C.~K.~Birdsall and A.~B.~Langdon},
  title =        {Plasma Physics via Computer Simulation},
  publisher =    {McGraw-Hill Inc.},
  year =         1985,
  address =      {New York, NY}
}

@Book{Hockney_Eastwood_1988,
  author =       {R.~W.~Hockney and J.~W.~Eastwood},
 editor =	 { },
  title =        {Computer Simulation Using Particles},
  publisher =    {Institute of Physics Publishing},
  year =         1988,
  address =      {Philadelphia, PA}
}

@InBook{Kwan_Snell_1985,
  author =       {T.~J.~T.~Kwan and C.~M.~Snell},
  editor =       {R.~Alcouffe and R.~Dautray and A.~Forster and G.~Ledanois and B.~Mercier},
  title =        {Lecture Notes in Physics, Vol 240: Monte Carlo Methods and Applications in Neutronics, Photonics and Statistical Physics},
  chapter =      {Methods of Monte Carlo Electron Transport in Particle-in-Cell Codes},
  publisher =    {Springer-Verlag},
  year =         {1985},
}

@Article{Verboncoeur_et_al_1995,
  author =       {J.~P.~Verboncoeur and A.~B.~Langdon and N.~T.~Gladd},
  title =        {An Object-Oriented Electromagnetic PIC Code},
  journal =      {Comp.~Phys.~Comm.},
  year =         1995,
  volume =       87,
  pages =        {199-211},
  month =        {May}
}

@Article{Eastwood_et_al_1995,
  author =       {J.~W.~Eastwood and W.~Arter and N.~J.~Brealey and R.~W.~Hockney},
  title =        {Body-fitted Electromagnetic PIC Software for use on
Parallel Computers},
  journal =      {Comp.~Phys.~Comm.},
  year =         1995,
  volume =       87,
  pages =	 {155-178},
  month =        {May}
}

@Article{Jones_et_al_1996,
  author =       {M.~E.~Jones and D.~Winske and S.~R.~Goldman and R.~A.~Kopp and V.~G.~Rogatchev and S.~A.~Bel'kov and P.~D.~Gasparyan and G.~V.~Dolgoleva and N.~V.~Zhidkov and N.~V.~Ivanov and Y.~K.~Kochubej and G.~F.~Nasyrov and V.~A.~Pavlovskii and V.~V.~Smirnov and Y.~A.~Romanov},
  title =        {Modeling ion interpenetration, stagnation, and thermalization in colliding plasmas},
  journal =      {Phys.~Plasmas},
  year =         {1996},
  OPTkey =       {},
  volume =       {3},
  number =       {3},
  pages =        {1096-1108},
  month =        {March},
}

% FIXME: Blahovec Jr.?
@Article{Blahovec_et_al_2000,
  author =       {J.~D.~Blahovec and L.~A.~Bowers and J.~W.~Luginsland and G.~E.~Sasser and J.~J.~Watrous},
  title =        {3-D ICEPIC Simulations of the Relativistic Klystron Oscillator},
  journal =      {IEEE Trans.~Plasma Sci.},
  year =         2000,
  volume =       28,
  number =       3,
  pages =        {821-829},
  month =        {June}
}

@Article{Nieter_Cary_2004,
  author =       {C.~Nieter and J.~R.~Cary},
  title =        {VORPAL: a versatile plasma simulation code},
  journal =      {J.~Comp.~Phys.},
  year =         {2004},
  volume =       {196},
  number =       {2},
  pages =        {448-473},
  month =        {May}
}

@InCollection{McLachlan_Quispel_2002,
  author =       {R.~I.~McLachlan and G.~R.~W.~Quispel},
  title =        {Splitting Methods},
  booktitle =    {Acta Numerica},
  pages =        {341-434},
  publisher =    {Cambridge University Press},
  year =         2002,
  volume =       11
}

@Article{Higdon_1986,
  author =       {R.~L.~Higdon},
  title =        {Absorbing boundary conditions for difference approximations to the multi-dimensional wave equation},
  journal =      {Mathematics of Computation},
  year =         1986,
  volume =       47,
  pages =        {437-459}
}

% FIXME: Title
@InProceedings{Boris_1970,
  author =       {J.~P.~Boris},
  title =	 {Relativistic Plasma Simulation---Optimization of a Hybrid Code},
  booktitle =    {Proc.~4th Conf.~on Num.~Sim.~of Plasmas},
  pages =        {3-67},
  year =         {1970},
  editor =	 {J.~P.~Boris and R.~A.~Shanny},
  address =      {Washington D.~C.},
  month =        {2-3 November},
  publisher =    {Naval Research Laboratory}
}

@Article{Villasenor_Buneman_1992,
  author =       {J.~Villasenor and O.~Buneman},
  title =        {Rigorous charge conservation for local electromagnetic field solvers},
  journal =      {Comp.~Phys.~Comm.},
  year =         1992,
  volume =       69,
  number =       {2-3},
  pages =        {306-316},
  month =        {March}
}

@Article{Marder_1987,
  author =       {B.~Marder},
  title =        {A method for incorporating Gauss' law into electromagnetic PIC codes},
  journal =      {J.~Comp.~Phys.},
  year =         1987,
  volume =       68,
  pages =        {48-55}
}

@Article{Yee_1966,
  author = 	 {K.~S.~Yee},
  title = 	 {Numerical solution of initial boundary value problems involving Maxwell's equations in isotropic media},
  journal = 	 {IEEE Trans. Antennas Propag.},
  year = 	 1966,
  volume =	 14,
  pages =	 {302-307}
}

@InProceedings{Bowers_et_al_2006,
  author =       {K.~J.~Bowers and E.~Chow and H.~Xu and R.~O.~Dror and M.~P.~Eastwood and B.~A.~Gregersen and J.~L.~Klepeis and I.~Kolossvary and M.~A.~Moraes and F.~D.~Sacerdoti and J.~K.~Salmon and Y.~Shan and D.~E.~Shaw},
  title =        {Scalable Algorithms for Molecular Dynamics Simulations on Commodity Clusters},
  booktitle =    {SC '06: Proc.~2006 ACM/IEEE Conf.~on Supercomputing},
  year =         2006,
  month =        {November},
  location =     {Tampa, FL},
  publisher =    {ACM},
  address =      {New York, NY}
}

@Article{Lippert_et_al_2007,
  author =       {R.~A.~Lippert and K.~J.~Bowers and B.~A.~Gregersen and R.~O.~Dror and M.~P.~Eastwood and J.~L.~Klepeis and I.~Kolossvary and D.~E.~Shaw},
  title =        {A common, avoidable source of error in molecular dynamics integrators},
  journal =      {J.~Chem.~Phys.},
  year =         2007,
  volume =       126,
  Tnumber =      4,
  pages =        046101,
  month =        {January}
}

% FIXME: Format
@TechReport{Langou_et_al_2006,
  author =       {J.~Langou and J.~Langou and P.~Luszczek and J.~Kurzak and A.~Buttari and J.~Dongarra},
  title =        {Exploiting the Performance of 32 bit Floating Point Arithmetic in Obtaining 64 bit Accuracy},
  institution =  {University of Tennessee},
  year =         2006,
  type =         {University of Tennessee Computer Science Tech Report},
  number =       {UT-CS-06-574 LAPACK Working Note 175},
  month =        {April}
}

@Article{Bowers_2001,
  author =       {K.~J.~Bowers},
  title =        {Accelerating a Particle-In-Cell Simulation with a Hybrid Counting Sort},
  journal =      {J.~Comp.~Phys.},
  year =         2001,
  volume =       173,
  number =       2,
  pages =        {393-411},
  month =        {November}
}

@Article{Kahle_et_al_2005,
  author =       {J.~A.~Kahle and M.~N.~Day and H.~P.~Hofstee and C.~R.~Johns and T.~R.~Maeurer and D.~Shippy},
  title =        {Introduction to the Cell multiprocessor},
  journal =      {IBM J.~Res.~Dev.},
  year =         {2005},
  volume =       {49},
  number =       {4/5}
}

@TechReport{Koch_2006,
  author =       {K.~Koch},
  title =        {The New Roadrunner Supercomputer: What, When, & How},
  institution =  {Los Alamos National Lab},
  year =         {2006},
  number =       {LA-UR-06-8276},
  month =        {November}
}

@Article{Vay_2007,
  author =  {J.~L.~Vay},
  title =   {Noninvariance of Space- and Time-Scale Ranges under a Lorentz Transformation and the Implications for the Study of Relativistic Interactions},
  journal = {Phys.~Rev.~Lett.},
  year =    {2007},
  volume =  {98},
  number =  {130405},
  month =   {30 March}
}

% VPIC related publication ---------------------------------------

% FIXME: Months and pages
% FIXME: Journal title abbreviations
% FIXME: Rigorous conference proceeding citations
% FIXME: Missing APS-DPP works incl:
% GeV Laser Ion Acceleration from Ultrathin Targets: The Laser Break-Out Afterburner Lin Yin, B. J. Albright, B. M. Hegelich, K. J. Bowers, K. A. Flippo,T. J. T. Kwan, and J. C. Fern\'{a}ndez 
% FIXME: Missing Hui Li works?
% FIXME: Other missing works

% ----------------------------------------------------------------
% VPIC related publications - pre-2005
% ----------------------------------------------------------------

% Conferences ----------------------------------------------------

% FIXME: Proc. Int. Conf. Numerical Simul. Plasmas, Cape Cod, MA, 2003. ICNSP-03-549. Pages 383-386.
% FIXME: Also as LA-UR-03-3359?
@InProceedings{Bowers_ICNSP2003,
  author =       {K.~J.~Bowers},
  title =        {Speed optimal implementation of a fully relativistic charge conserving current accumulation on modern processors},
  booktitle =    {ICNSP2003},
  year =	 { }
}

@InProceedings{Bowers_Li_APSDPP2003,
  author =       {K.~J.~Bowers and H.~Li},
  title =        {Helicity dissipation in 3d PIC simulation of magnetic reconnection of a force free configuration},
  booktitle =    {APSDPP2003},
  pages =	 {UP1.020},
  year =	 { }
}

% ----------------------------------------------------------------
% VPIC related publications - 2005
% ----------------------------------------------------------------

% Referred articles ----------------------------------------------

% FIXME: Publication details (year, vol, number, etc)
% FIXME: Cite with IFSA 2005 below?
@Article{Albright_et_al_JPhysIV_2005,
  author =       {B.~J.~Albright and W.~Daughton and L.~Yin and K.~J.~Bowers and J.~L.~Kline and D.~S.~Montgomery and J. C. Fern\'{a}ndez1},
  title =        {Particle-In-Cell Studies of Laser-Driven Hot Spots and a Statistical Model for Mesoscopic Properties of Raman Backscatter},
  journal =      {J.~Phys.~IV},
  year =         2005
}

% FIXME: Publication details (year, vol, number, etc)
% FIXME: Cite with IFSA 2005 below?
@Article{Yin_et_al_JPhysIV_2005,
  author =       {L.~Yin and W.~Daughton and B.~J.~Albright and K.~J.~Bowers and J.~L.~Kline and D.~S.~Montgomery and J.~C.~Fern\'{a}ndez},
  title =        {Effects of Ion Composition on Backward Stimulated Raman and Brillouin Scattering in a Laser-Driven Hot Spot},
  journal =      {J.~Phys.~IV},
  year =         2005
}

% Conferences ----------------------------------------------------

% FIXME: Is this Tom's AA2005 presentation?
@InProceedings{Albright_et_al_AA2005,
  author =       {B.~J.~Albright and L.~Yin and T.~J.~T.~Kwan and K.~J.~Bowers and B.~M.~Hegelich and J.~C.~Fern\'{a}ndez},
  title =        {Particle simulation of ion acceleration from the interaction of ultra-intense lasers with solid-density targets},
  booktitle =    {AA2005},
  year =	 {},
  OPTeditor =    {},
  OPTvolume =    {},
  OPTnumber =    {},
  OPTseries =    {},
  OPTaddress =   {},
  OPTmonth =     {},
  OPTorganization = {},
  OPTpublisher = {},
  OPTnote =      {},
  OPTannote =    {}
}

% FIXME: Is there a J. Phys IV publication matched with this?
@InProceedings{Albright_et_al_IFSA2005_theory,
  author =       {B.~J.~Albright and L.~Yin and T.~J.~T.~Kwan and K.~J.~Bowers and B.~M.~Hegelich and J.~C.~Fern\'{a}ndez},
  title =        {Theory and modeling of ion acceleration from the interaction of ultra-intense lasers with solid-density target},
  booktitle =    {IFSA2005},
  year =	 {},
  OPTeditor =    {},
  OPTvolume =    {},
  OPTnumber =    {},
  OPTseries =    {},
  OPTaddress =   {},
  OPTmonth =     {},
  OPTorganization = {},
  OPTpublisher = {},
  OPTnote =      {},
  OPTannote =    {}
}

% FIXME: Cite with J. Phys. IV above?
@InProceedings{Albright_et_al_IFSA2005_hotspot,
  author =       {B.~J.~Albright and W.~Daughton and L.~Yin and K.~J.~Bowers and J.~L.~Kline and D.~S.~Montgomery and J.~C.~Fern\'{a}ndez},
  title =        {Multi-dimensional particle-in-cell studies of a laser-driven hot spot},
  booktitle =    {IFSA2005},
  year =	 {},
  OPTeditor =    {},
  OPTvolume =    {},
  OPTnumber =    {},
  OPTseries =    {},
  OPTaddress =   {},
  OPTmonth =     {},
  OPTorganization = {},
  OPTpublisher = {},
  OPTnote =      {},
  OPTannote =    {}
}

% FIXME: Cite with J. Phys. IV above?
@InProceedings{Yin_et_al_IFSA2005,
  author =       {L.~Yin and W.~Daughton and B.~J.~Albright and K.~J.~Bowers and J.~L.~Kline and D.~S.~Montgomery and J.~C.~Fern\'{a}ndez},
  title =        {Effects of ion composition on backward stimulated Brillouin and Raman scattering in a laser-driven hot spot},
  booktitle =    {IFSA2005},
  year =	 {},
  OPTeditor =    {},
  OPTvolume =    {},
  OPTnumber =    {},
  OPTseries =    {},
  OPTaddress =   {},
  OPTmonth =     {},
  OPTorganization = {},
  OPTpublisher = {},
  OPTnote =      {},
  OPTannote =    {}
}

@InProceedings{Albright_et_al_APSDPP2005_phaseplate,
  author =       {B.~J.~Albright and W.~Daughton and L.~Yin and Q.~Roper and K.~J.~Bowers and J.~L.~Kline and D.~S.~Montgomery and J.~C.~Fern\'{a}ndez},
  title =        {Aggregate model of backward stimulated Raman scattering in a random-phase-plate smoothed laser beam},
  booktitle =    {APSDPP2005},
  pages =	 {FP1.00011},
  year =	 {},
  OPTeditor =    {},
  OPTvolume =    {},
  OPTnumber =    {},
  OPTseries =    {},
  OPTaddress =   {},
  OPTmonth =     {},
  OPTorganization = {},
  OPTpublisher = {},
  OPTnote =      {},
  OPTannote =    {}
}

@InProceedings{Albright_et_al_APSDPP2005_laseracceleration,
  author =       {B.~J.~Albright and L.~Yin and B.~M.~Hegelich and K.~J.~Bowers and T.~J.~T.~Kwan and J.~C.~Fern\'{a}ndez},
  title =        {Theory and particle-in-cell modeling of laser acceleration of monoenergetic ion beams from layered targets},
  booktitle =    {APSDPP2005},
  pages =	 {RZ1.00005},
  year =	 {},
  OPTeditor =    {},
  OPTvolume =    {},
  OPTnumber =    {},
  OPTseries =    {},
  OPTaddress =   {},
  OPTmonth =     {},
  OPTorganization = {},
  OPTpublisher = {},
  OPTnote =      {},
  OPTannote =    {}
}

@InProceedings{Yin_et_al_APSDPP2005,
  author =       {L.~Yin and W.~Daughton and B.~J.~Albright and K.~J.~Bowers and J.~L.~Kline and D.~S.~Montgomery and J.~C.~Fern\'{a}ndez},
  title =        {Two-Dimensional Particle-In-Cell Studies of Backward Stimulated Raman and Brillouin Scattering In Laser-Driven Hot Spots},
  booktitle =    {APSDPP2005},
  pages =	 {FP1.00012},
  year =	 {},
  OPTeditor =    {},
  OPTvolume =    {},
  OPTnumber =    {},
  OPTseries =    {},
  OPTaddress =   {},
  OPTmonth =     {},
  OPTorganization = {},
  OPTpublisher = {},
  OPTnote =      {},
  OPTannote =    {}
}

% ----------------------------------------------------------------
% VPIC related publications - 2006
% ----------------------------------------------------------------

% FIXME: Is Yin et al., Laser and Particle Beams 24, 291 (2006) VPIC related

% FIXME: Issue 4 _part 3_
@Article{Albright_Bowers_2006,
  author =       {B.~J.~Albright and K.~J.~Bowers},
  title =        {Spurious ionization from noise in kinetic particle simulations},
  journal =      {IEEE Trans.~Plasma Sci.},
  year =         {2006},
  OPTkey =       {},
  volume =       {34},
  number =       {4},
  pages =        {1503-1507},
  month =        {August},
  OPTnote =      {},
  OPTannote =    {}
}

% FIXME: Number and month
% FIXME: Also in Virtual Journal of Ultrafast Science, October 2006.
% FIXME: Any 2005 versions of this?
@Article{Albright_et_al_PRL_2006,
  author =       {B.~J.~Albright and L.~Yin and B.~M.~Hegelich and K.~J.~Bowers and T.~J.~T.~Kwan and J.~C.~Fern\'{a}ndez},
  title =        {Theory of laser acceleration of light ion beams from the interaction of ultrahigh intensity lasers with layered targets},
  journal =      {Phys.~Rev.~Lett.},
  year =         2006,
  volume =       97,
  number =       115002
}

@Article{Yin_et_al_Phys_Plasmas_2006,
  title =       {Nonlinear backward stimulated Raman scattering from electron beam acoustic modes in the kinetic regime},
  author =        {L.~Yin and W.~Daughton and B.~J.~Albright and K.~J.~Bowers and D.~S.~Montgomery and J.~L.~Kline and J.~C.~Fern\'{a}ndez and Q.~Roper},
  journal =      {Phys.~Plasmas},
  year =         2006,
  volume =       13,
  number =       7,
  month =        {11 July}
}

% Conferences ----------------------------------------------------

@InProceedings{Albright_et_al_AA2006,
  author =       {B.~J.~Albright and L.~Yin and B.~M.~Hegelich and K.~J.~Bowers and T.~J.~T.~Kwan and J.~C.~Fern\'{a}ndez},
  title =        {One dimensional theory of laser acceleration of light ion
beams from the interaction of ultrahigh intensity lasers
with layered targets},
  booktitle =    {AA2006},
  year =	 {},
  OPTeditor =    {},
  OPTvolume =    {},
  OPTnumber =    {},
  OPTseries =    {},
  OPTaddress =   {},
  OPTmonth =     {},
  OPTorganization = {},
  OPTpublisher = {},
  OPTnote =      {},
  OPTannote =    {}
}

% FIXME: Cambridge, Massachusetts, USA, Nov. 3-Nov. 5, 2006
@InProceedings{Albright_et_al_FI2006,
  author =       {B.~J.~Albright and L.~Yin and B.~M.~Hegelich and K.~J.~Bowers and K.~A.~Flippo and T.~J.~T.~Kwan and J.~C.~Fern\'{a}ndez},
  title =        {Theory and modeling of laser-accelerated ion beams as possible fast ignitors},
  booktitle =    {9th International Fast Ignition Workshop},
  year =	 {},
  OPTeditor =    {},
  OPTvolume =    {},
  OPTnumber =    {},
  OPTseries =    {},
  OPTaddress =   {},
  OPTmonth =     {},
  OPTorganization = {},
  OPTpublisher = {},
  OPTnote =      {},
  OPTannote =    {}
}

@InProceedings{Albright_et_al_APSDPP2006,
  author =       {B.~J.~Albright and L.~Yin and B.~M.~Hegelich and K.~J.~Bowers and K.~A.~Flippo and T.~J.~T.~Kwan and J.~C.~Fern\'{a}ndez},
  title =        {Effects of Light Ion Contaminants on the Laser Break-Out Afterburner},
  booktitle =    {APSDPP2006},
  pages =	 {CP1.00130},
  year =	 {},
  OPTeditor =    {},
  OPTvolume =    {},
  OPTnumber =    {},
  OPTseries =    {},
  OPTaddress =   {},
  OPTmonth =     {},
  OPTorganization = {},
  OPTpublisher = {},
  OPTnote =      {},
  OPTannote =    {}
}

@InProceedings{Li_Bowers_APSDPP2006,
  author =       {H.~Li and K.~J.~Bowers},
  title =        {Dissipation and Spectral Energy Transfer in the Relaxation of 3-D Force-Free Magnetic Sheet Pinch},
  booktitle =    {APSDPP2006},
  pages =	 {UM1.00004},
  year =	 {},
  OPTeditor =    {},
  OPTvolume =    {},
  OPTnumber =    {},
  OPTseries =    {},
  OPTaddress =   {},
  OPTmonth =     {},
  OPTorganization = {},
  OPTpublisher = {},
  OPTnote =      {},
  OPTannote =    {}
}

% ----------------------------------------------------------------
% VPIC related publications - 2007
% ----------------------------------------------------------------

@Article{Albright_et_al_Phys_Plasmas_2007,
  author =       {B.~J.~Albright and L.~Yin and K.~J.~Bowers and B.~M.~Hegelich and K.~A.~Flippo and T.~J.~T.~Kwan and J.~C.~Fern\'{a}ndez},
  title =        {Relativistic Buneman Instability in the Laser Breakout Afterburner},
  journal =      {Phys.~Plasmas},
  year =         2007,
  volume =       14,
  number =       9
}

@Article{Bowers_Li_PRL_2007,
  author =       {K.~J.~Bowers and H.~Li},
  title =        {Spectral energy transfer and dissipation of magnetic energy from fluid to kinetic scales},
  journal =      {Phys.~Rev.~Lett.},
  year =         2007,
  volume =       98,
  number =       035002,
  month =        {19 January}
}

% FIXME: Also in 2007 June Virtual Journal of Ultrafast Science
@Article{Yin_et_al_Phys_Plasmas_2007_BOA,
  author =       {L.~Yin and B.~J.~Albright and B.~M.~Hegelich and K.~J.~Bowers and K.~A.~Flippo and T.~J.~T.~Kwan and J.~C.~Fern\'{a}ndez},
  title =        {Monoenergetic and GeV ion acceleration from the laser break-out afterburner using ultrathin targets},
  journal =      {Phys.~Plasmas},
  year =         2007,
  volume =       14,
  number =       5,
  month =        {10 April}
}

@Article{Yin_et_al_Phys_Plasmas_2007_Alfven,
  author =       {L.~Yin and D.~Winske and W.~Daughton and K.~J.~Bowers},
  title =        {Kinetic Alfv\'{e}n waves and electron physics. I. Generation from ion-ion streaming},
  journal =      {Phys.~Plasmas},
  year =         2007,
  volume =       14,
  number =       6,
  month =        {11 June}
}

% FIXME: Needs publication details
@Article{Yin_et_al_Phys_Plasmas_2007_SRS,
  author =       {L.~Yin and B.~J.~Albright and K.~J.~Bowers and W.~Daughton and H.~A.~Rose},
  title =        {Saturation of backward stimulated scattering of laser in kinetic regime: Wavefront bowing, trapped particle modulational instability and trapped particle self-focusing of plasma waves},
  journal =      {Phys.~Plasmas},
  year =         2008,
  volume =       15,
  number =       013109,
}

@Article{Yin_et_al_PRL_2007_reconnection,
  author =       {L.~Yin and W.~Daughton and H.~Karimabadi and B.~J.~Albright and K.~J.~Bowers and J.~Margulies},
  title =        {Fully Kinetic 3D Simulations of Collisionless Reconnection in Large-Scale Pair Plasmas},
  journal =      {Phys.~Rev.~Lett., in press},
  year =         {2007}
}

@Article{Yin_et_al_PRL_2007_SRS,
  author =       {L.~Yin and B.~J.~Albright and K.~J.~Bowers and W.~Daughton and H.~A.~Rose},
  title =        {Saturation of backward stimulated scattering of laser beam in the kinetic regime},
  journal =      {Phys.~Rev.~Lett.},
  year =         {2007},
  volume =       {99},
  number =       {265004},
  month =        {28 December} 
}

% ----------------------------------------------------------------------------
% VPIC related publications 2008
% ----------------------------------------------------------------------------

@Article{Bowers_et_al_Phys_Plasmas_2007,
  author =       {K.~J.~Bowers and B.~J.~Albright and L.~Yin and B.~Bergen and T.~J.~T.~Kwan},
  title =        {Ultrahigh performance three-dimensional electromagnetic relativistic plasma simulation},
  journal =      {Phys.~Plasmas},
  year =         2008,
  volume =       15,
  number =       5
}

% Conferences ----------------------------------------------------

% FIXME: Is there a J Phys IV publication with this
@InProceedings{Albright_et_al_IFSA2007,
  author =       {B.~J.~Albright and K.~J.~Bowers and L.~Yin and B.~K.~Bergen and T.~J.~T.~Kwan and J.~C.~Fern\'{a}ndez},
  title =        {New Particle-In-Cell Modeling Capability for Large-Scale Kinetic Simulation of Inertial Confinement Fusion and Fast Ignition Relevant Plasma Media},
  booktitle =    {IFSA 2007},
  year =	 {},
  OPTeditor =    {},
  OPTvolume =    {},
  OPTnumber =    {},
  OPTseries =    {},
  OPTaddress =   {},
  OPTmonth =     {},
  OPTorganization = {},
  OPTpublisher = {},
  OPTnote =      {},
  OPTannote =    {}
}

@InProceedings{Bowers_et_al_APSDPP2007,
  author =       {K.~J.~Bowers and B.~J.~Albright and B.~Bergen and L.~Yin and T.~J.~T.~Kwan},
  title =        {Toward Petaflop First Principles Kinetic Plasma Simulation},
  booktitle =    {APSDPP2007},
  pages =	 {YI2.00004},
  year =	 {},
  OPTeditor =    {},
  OPTvolume =    {},
  OPTnumber =    {},
  OPTseries =    {},
  OPTaddress =   {},
  OPTmonth =     {},
  OPTorganization = {},
  OPTpublisher = {},
  OPTnote =      {},
  OPTannote =    {}
}

@InProceedings{Daughton_et_al_APSDPP2007,
  author =       {W.~Daughton and H.~Karimabadi and L.~Yin and B.~J.~Albright and K.~J.~Bowers},
  title =        {Collisionless Magnetic Reconnection in Large-Scale Electron-Positron Plasmas},
  booktitle =    {APSDPP2007},
  pages =	 {CP8.00014},
  year =	 {},
  OPTeditor =    {},
  OPTvolume =    {},
  OPTnumber =    {},
  OPTseries =    {},
  OPTaddress =   {},
  OPTmonth =     {},
  OPTorganization = {},
  OPTpublisher = {},
  OPTnote =      {},
  OPTannote =    {}
}

@InProceedings{Yin_et_al_APSDPP2007,
  author =       {L.~Yin and B.~J.~Albright and K.~J.~Bowers and W.~Daughton and H.~A.~Rose},
  title =        {Saturation of Backward Stimulated Scattering of Laser in Kinetic Regime},
  booktitle =    {APSDPP2007},
  pages =	 {NO6.00007},
  year =	 {},
  OPTeditor =    {},
  OPTvolume =    {},
  OPTnumber =    {},
  OPTseries =    {},
  OPTaddress =   {},
  OPTmonth =     {},
  OPTorganization = {},
  OPTpublisher = {},
  OPTnote =      {},
  OPTannote =    {}
}

% FIXME: Is there a J Phys IV publication with this
@InProceedings{Yin_et_al_IFSA2007,
  author =       {L.~Yin and B.~J.~Albright and K.~J.~Bowers and J.~L.~Kline and D.~S.~Montgomery and K.~A.~Flippo and H.~A.~Rose},
  title =        {Kinetic Simulations of Stimulated Raman and Brillouin Scattering of Trident Short-Pulse Laser in a Single-Hot-Spot},
  booktitle =    {IFSA 2007},
  year =	 {},
  OPTeditor =    {},
  OPTvolume =    {},
  OPTnumber =    {},
  OPTseries =    {},
  OPTaddress =   {},
  OPTmonth =     {},
  OPTorganization = {},
  OPTpublisher = {},
  OPTnote =      {},
  OPTannote =    {}
}


% BJA - adding this for experiments
@Article{Kline_PRL_2005,
  author = 	 {J.~L.~Kline and D.~S.~Montgomery and J.~A.~Cobble and D.~F.~DuBois and R.~P.~Johnson and H.~A.~Rose and L.~Yin and H.~X.~Vu},
  title = 	 {Observation of a transition from fluid to kinetic nonlinearities for Langmuir waves driven by stimulated Raman backscatter},
  journal = 	 {Phys. Rev. Lett.},
  year = 	 2005,
  volume =	 94,
  number =	 17,
  pages =	 175003
}





% BJA - adding this for our high-Z dopant problem
@Article{Lushnikov_PPCF_2006,
  author = 	 {P.~M.~Lushnikov and H.~A.~Rose},
  title = 	 {How much laser power can propagate throuugh fusion plasma?},
  journal = 	 {Plasma Physics and Controlled Fusion},
  year = 	 2006,
  volume =	 48,
  number =	 10,
  pages =	 1501
}

